% This file was created with Citavi 6.11.0.0

@collection{Verma.2021,
 year = {2021},
 title = {Data Science},
 edition = {1},
 publisher = {{Springer Singapore} and {Imprint Springer}},
 editor = {Verma, Gyanendra K. and Soni, Badal and Bourennane, Salah and Ramos, Alexandre C. B.},
 pagetotal = {437},
 language = {eng},
 subtitle = {Theory, Algorithms, and Applications},
 location = {Singapore}
}


